<?xml version="1.0" encoding="UTF-8"?><collection xmlns="http://www.loc.gov/MARC21/slim"><record><leader>00591nam--2200181-u-4500</leader><controlfield tag="001">000054774</controlfield><controlfield tag="002">20161230</controlfield><controlfield tag="005">20161230201051</controlfield><controlfield tag="008">120607s1000------------r-----000-0-eng-d</controlfield><datafield ind1=" " ind2=" " tag="040"><subfield code="a">IFIN-HH</subfield></datafield><datafield ind1=" " ind2=" " tag="080"><subfield code="a">061.3539.171.4:539.125.5.17</subfield></datafield><datafield ind1="1" ind2=" " tag="110"><subfield code="a">Comitato Nazionale Energia Nucleare</subfield></datafield><datafield ind1="1" ind2="0" tag="245"><subfield code="a">Current problems in neutron scattering</subfield><subfield code="b">Proceedings of the symposium held at cnen casaccia center 24th-27th september 1968</subfield></datafield><datafield ind1=" " ind2=" " tag="260"><subfield code="a">Roma</subfield><subfield code="b">Comitato Nazionale Energia Nucleare</subfield><subfield code="c">1970</subfield></datafield><datafield ind1=" " ind2=" " tag="300"><subfield code="a">261P</subfield></datafield><datafield ind1=" " ind2=" " tag="490"><subfield code="a">Seire Simposi</subfield></datafield><datafield ind1=" " ind2=" " tag="852"><subfield code="a">36511</subfield><subfield code="c">539.17</subfield></datafield><datafield ind1=" " ind2=" " tag="CAT"><subfield code="a">Sys</subfield><subfield code="c">20120607</subfield><subfield code="h">164839</subfield></datafield></record></collection>